% This file was created with Citavi 6.15.2.0

@article{Chauhan.2014,
 abstract = {Smoke testing is an end-to-end testing which determine the stability of new build by checking the crucial functionality of the application under test and used as criteria of accepting the new build for detailed testing.},
 author = {Chauhan, Vinod Kumar},
 year = {2014},
 title = {Smoke testing: Smoke testing is an end-to-end testing which determine the stability of new build by checking the crucial functionality of the application under test and used as criteria of accepting the new build for detailed testing. Quality Assurance (QA), Impetus InfoTech Pvt. Ltd. (India)},
 url = {https://ieeexplore.ieee.org/abstract/document/1542069/},
 urldate = {19.12.2024},
 volume = {4},
 number = {1},
 journal = {Int. J. Sci. Res. Publ},
 file = {Smoke{\_}Testing:Attachments/Smoke{\_}Testing.pdf:application/pdf}
}


